@string{ijnme = "International Journal for Numerical Methods in Enginerring"}
@string{acmtoms = "Assoc. for Computing Machinery Trans. on Math. Software"}

@techreport{FElt,
    author	= "Gobat, Jason I. and Atkinson, Darren C.",
    title	= "FElt: User's Guide and Reference Manual",
    institution	= "University of California, San Diego",
    type	= "Computer Science Technical Report",
    address	= "San Diego, CA",
    number	= "CS94-376",
    month	= "July",
    pages	= "146",
    year 	= 1994}

@book{hughes:fem,
    address	= "Englewood Cliffs, NJ",
    author	= "Hughes, Thomas J. R.",
    isbn	= "0-13-317025-X",
    publisher	= "Prentice-Hall",
    title	= "The Finite Element Method: 
                   Linear Static and Dynamic Finite Element Analysis",
    year	= 1987}

@book{logan:fem,
    address	= "Boston",
    author	= "Logan, Daryl L.",
    isbn	= "0-534-92964-8",
    publisher	= "PWS-Kent",
    title	= "A First Course in the Finite Element Method",
    edition	= "Second",
    year	= 1992}

@book{zienk:taylor:fem,
    address	= "London",
    author	= "O. C. Zienkiewicz and Robert L. Taylor",
    isbn	= "0-07-084174-8",
    publisher	= "McGraw-Hill",
    title	= "The Finite Element Method:
                   Basic Formulations and Linear Problems",
    volume	= 1,
    edition	= "Fourth",
    year	= 1988}

@book{segerlind:fea,
    address	= "New York",
    author	= "Segerlind, Larry J.",
    isbn	= "0471774405",
    publisher	= "Wiley",
    title	= "Applied Finite Element Analysis",
    edition	= "Second",
    year	= 1986}

@book{burnett:fea,
    address	= "Reading, MA",
    author	= "Burnett, David S.",
    isbn	= "0201108062",
    publisher	= "Addison-Wesley",
    title	= "Finite Element Analysis: From Concepts to Applications",
    year	= 1987}

@book{hinton:fep,
    addess	= "London",
    author	= "Hinton, Ernest and Owen, D. R. J.",
    isbn	= "0123493501",
    publisher	= "Academic Press",
    title	= "Finite Element Programming",
    year	= 1977}

@book{knr,
    address	= "Englewood Cliffs",
    author	= "Kernhigan, Brian W. and Ritchie, Dennis M.",
    isbn	= "0-13-110362-8",
    publisher	= "Prentice-Hall",
    title	= "The C Programming Language",
    edition	= "Second",
    year	= 1989}

@article{joe:sim:86,
    author	= "Barry Joe and R. B. Simpson",
    journal	= ijnme,
    pages	= "751--778",
    title	= "Triangular meshes for regions of complicated shape",
    volume	= 23,
    year	= 1986}

@article{kosmatka:timoshenko,
    author	= "Z. Friedman and John B. Kosmatka",
    journal	= "Computers and Structures",
    pages	= "473--481",
    title	= "An improved two-node {T}imoshenko beam finite element",
    volume	= 47,
    year	= 1993}

@article{cowper:kappa,
    author	= "G.R. Cowper",
    journal	= "ASME Journal of Applied Mechanics",
    pages	= "335--340",
    title	= "The shear coefficient in {T}imoshenko's beam theory",
    volume	= 33,
    year	= 1966}

@article{htk:simple,
    author	= "Thomas J.R. Hughes and Robert L. Taylor and 
                   Worsak Kanoknukulchai",
    journal	= ijnme,
    pages	= "1529--1543",
    title	= "A simple and efficient finite element for plate bending",
    volume	= 11,
    year	= 1977}

@article{td:hierarchy,
    author	= "A. Tessler and S.B. Dong",
    journal	= "Computers and Structures",
    pages	= "335--344",
    title	= "On a hierarchy of conforming {T}imoshenko beam elements",
    volume	= 14,
    year	= 1981}

@article{akima:78,
    author	= "Hiroshi, Akima",
    journal	= acmtoms,
    pages	= "",
    title	= "A method of bivariate interpolation and smooth surface
                   fitting for values given at ireegularly distributed points",
    volume	= 4,
    year	= 1978}

@article{akima:84,
    author	= "Hiroshi, Akima",
    journal	= "Rocky Mountain Journal of Mathematics",
    pages	= "",
    title	= "On estimating partial derivatives for bivariate 
                   interpolation of scattered data",
    volume	= 14,
    year	= 1984}

@article{gps:renumbering,
    author	= "Norman E. Gibbs and William G. Poole and Paul K. Stockmeyer",
    journal	= "SIAM Journal of Numerical Analysis",
    pages	= "236--249",
    title	= "An algorithm for reducing the bandwidth and profile of a 
                   sparse matrix",
    volume	= 13,
    year	= 1976}

@article{gk:renumbering,
    author	= "Norman E. Gibbs",
    journal	= acmtoms,
    pages	= "378--387",
    title	= "A hybrid profile reduction algorithm",
    volume	= 2,
    year	= 1976}

@inproceedings{cm:renumbering,
    author	= "E. Cuthill and J. McKee",
    booktitle	= "Proceedings of the 24th National Conference of the ACM",
    pages	= "157--172",
    title	= "Reducing the bandwidth of sparse symmetric matrices",
    publisher 	= "Association for Computing Machinery",
    address	= "New York",
    series	= "ACM Publ P-69",
    year	= 1969}

@techreport{rcm:renumbering,
    author	= "J.A. George",
    title	= "Computer implementation of the finite element method",
    institution	= "Computer Science Department, Stanford University",
    address	= "Stanford, CA",
    number	= "Tech. Rep. STAN-CS-71-208",
    year	= 1971}
